@article{power-law-distro,
 author = {Petersen, Casper and Simonsen, Jakob Grue and Lioma, Christina},
 title = {Power Law Distributions in Information Retrieval},
 journal = {ACM Trans. Inf. Syst.},
 issue_date = {April 2016},
 volume = {34},
 number = {2},
 month = feb,
 year = {2016},
 issn = {1046-8188},
 pages = {8:1--8:37},
 articleno = {8},
 numpages = {37},
 url = {http://doi.acm.org/10.1145/2816815},
 doi = {10.1145/2816815},
 acmid = {2816815},
 publisher = {ACM},
 address = {New York, NY, USA},
 keywords = {Statistical model selection, power laws}
}

@techreport{info-retr-online,
  author = {Lancaster, Frederick Wilfrid and Gallup, Emily},
  title = {Information retrieval on-line},
  year = {1973}
}

@article{ext-boolean,
  author = {Salton, Gerard and Fox, Edward A and Wu, Harry},
  title = {Extended Boolean information retrieval},
  journal = {Communications of the ACM},
  volume = {26},
  number = {11},
  pages = {1022--1036},
  year = {1983},
  publisher = {ACM}
}

@article{vector-space-model,
  author = {Salton, Gerard and Wong, Anita and Yang, Chung-Shu},
  title = {A vector space model for automatic indexing},
  journal = {Communications of the ACM},
  volume = {18},
  number = {11},
  pages = {613--620},
  year = {1975},
  publisher = {ACM}
}

@book{stem-algo,
  author = {Lovins, Julie B},
  title = {Development of a stemming algorithm},
  year = {1968},
  publisher = {MIT Information Processing Group, Electronic Systems Laboratory Cambridge}
}